<?xml version="1.0" encoding="UTF-8"?><collection xmlns="http://www.loc.gov/MARC21/slim"><record><leader>00527nam--2200169-i-4500</leader><controlfield tag="001">000023754</controlfield><controlfield tag="002">20161230</controlfield><controlfield tag="005">20161230201035</controlfield><controlfield tag="008">060222s1000------------r-----000-0-eng-d</controlfield><datafield ind1=" " ind2=" " tag="040"><subfield code="a">IFIN-HH</subfield></datafield><datafield ind1=" " ind2=" " tag="080"><subfield code="a">53.001.6(061.3)</subfield></datafield><datafield ind1="1" ind2=" " tag="110"><subfield code="a">European Physical Society</subfield></datafield><datafield ind1="1" ind2="0" tag="245"><subfield code="a">The growth points of physics</subfield><subfield code="b">Proceedings of the florence; inaugural conference, florence, italy 8-12 april 1969</subfield></datafield><datafield ind1=" " ind2=" " tag="260"><subfield code="a">Bologna</subfield><subfield code="b">European Physical Society</subfield><subfield code="c">1970</subfield></datafield><datafield ind1=" " ind2=" " tag="300"><subfield code="a">XXXIX+568P</subfield></datafield><datafield ind1=" " ind2=" " tag="852"><subfield code="a">32620</subfield><subfield code="c">539.2</subfield></datafield><datafield ind1=" " ind2=" " tag="CAT"><subfield code="a">Sys</subfield><subfield code="c">20121017</subfield><subfield code="h">150147</subfield></datafield></record></collection>